<record xmlns='http://www.loc.gov/MARC21/slim'><leader>01590cim a22003732u 4500</leader><controlfield tag='001'>3601684</controlfield><controlfield tag='005'>20151214182920.0</controlfield><controlfield tag='007'>ss|lmnjluz|nuu</controlfield><controlfield tag='008'>991101s1981    nyunnn         l    eng d</controlfield><datafield ind1=' ' ind2=' ' tag='035'><subfield code='a'>(NIC)notisASF8749</subfield></datafield><datafield ind1=' ' ind2=' ' tag='035'><subfield code='a'>3601684</subfield></datafield><datafield ind1=' ' ind2=' ' tag='035'><subfield code='a'>(OCoLC)63898031</subfield></datafield><datafield ind1=' ' ind2=' ' tag='040'><subfield code='a'>NIC</subfield><subfield code='c'>NIC</subfield><subfield code='d'>NIC</subfield><subfield code='d'>NIC</subfield></datafield><datafield ind1='1' ind2=' ' tag='100'><subfield code='a'>Singer, Isaac Bashevis,</subfield><subfield code='d'>1904-1991.</subfield></datafield><datafield ind1='1' ind2='0' tag='245'><subfield code='a'>Cabala and the modern man</subfield><subfield code='h'>[sound recording]</subfield></datafield><datafield ind1=' ' ind2=' ' tag='260'><subfield code='c'>1981.</subfield></datafield><datafield ind1=' ' ind2=' ' tag='300'><subfield code='a'>1 sound cassette :</subfield><subfield code='b'>analog, mono.</subfield></datafield><datafield ind1=' ' ind2=' ' tag='500'><subfield code='a'>Recorded in Ithaca, NY by Cornell University.</subfield></datafield><datafield ind1=' ' ind2=' ' tag='500'><subfield code='a'>Sponsored by: Student Finance Commission,Friends of Israel,Jewish Studies Program,Council on the Creative and Performing Arts,Temple Beth-El,Sigma Phi Fraternity,University Unions Programming Board,Near Eastern Studies, Department of,Young Israel House,Young Judea.</subfield></datafield><datafield ind1=' ' ind2=' ' tag='500'><subfield code='a'>Speaker(s): Jewish-American fiction writer.</subfield></datafield><datafield ind1=' ' ind2=' ' tag='518'><subfield code='a'>Lecture, November 4, 1981.</subfield></datafield><datafield ind1=' ' ind2=' ' tag='520'><subfield code='a'>Singer discusses the significance of cabala--the Jewish theology based on a cipher method of interpreting the scripture--to the sceptical, scientific modern man.</subfield></datafield><datafield ind1=' ' ind2=' ' tag='540'><subfield code='a'>No reproductions authorized.</subfield></datafield><datafield ind1='0' ind2='0' tag='630'><subfield code='a'>Cábala.</subfield></datafield><datafield ind1=' ' ind2='0' tag='650'><subfield code='a'>Jewish literature.</subfield></datafield><datafield ind1=' ' ind2='0' tag='650'><subfield code='a'>Magic.</subfield></datafield><datafield ind1=' ' ind2='0' tag='650'><subfield code='a'>Science and magic.</subfield></datafield><datafield ind1=' ' ind2='7' tag='630'><subfield code='a'>Cábala (Title)</subfield><subfield code='2'>fast</subfield><subfield code='0'>(OCoLC)fst01358224</subfield></datafield><datafield ind1=' ' ind2='7' tag='650'><subfield code='a'>Jewish literature</subfield><subfield code='2'>fast</subfield><subfield code='0'>(OCoLC)fst00982834</subfield></datafield><datafield ind1=' ' ind2='7' tag='650'><subfield code='a'>Magic</subfield><subfield code='2'>fast</subfield><subfield code='0'>(OCoLC)fst01005468</subfield></datafield><datafield ind1=' ' ind2='7' tag='650'><subfield code='a'>Science and magic</subfield><subfield code='2'>fast</subfield><subfield code='0'>(OCoLC)fst01108531</subfield></datafield><datafield ind1='1' ind2=' ' tag='899'><subfield code='a'>CULectures</subfield></datafield><datafield ind1=' ' ind2=' ' tag='905'><subfield code='a'>20000315120000.0</subfield></datafield><datafield ind1='2' ind2=' ' tag='948'><subfield code='a'>20141221</subfield><subfield code='b'>m</subfield><subfield code='d'>batch</subfield><subfield code='e'>lts</subfield><subfield code='x'>addfast</subfield></datafield></record>